@Book{glad00,
author = {Glad, Torkel and Ljung, Lennart},
title = {CONTROL THEORY, Multivariable and Nonlinear Methods},
publisher = {Taylor \& Francis},
year = {2000},
}
@Book{williams07,
author = {Williams II, Robert L. and Lawrence, Douglas A.},
title = {Liner State-Space Control Systems},
publisher = {John Wiley \& Sons, Inc.},
year = {2007},
}
@Book{melsa69,
author = {Melsa, James L. and Schultz, Donald G.},
title = {Liner Control Systems},
publisher = {McGraw-Hill},
year = {1969},
}